
% https://en.wikipedia.org/wiki/BibTeX

@manual{2014_mathematica,
title = {Mathematica},
author = {Wolfram Research, Inc.},
edition = {Version 10.0},
publisher = {Wolfram Research, Inc.},
address = {Champaign, Illinois},
year = {2014},
url = {http://support.wolfram.com/kb/472}
}
% valid fields for manual: author, organization, address, edition, month, year, note, key

@misc{2014_MathML,
url = {http://www.w3.org/TR/MathML/},
title = {Mathematical Markup Language (MathML) Version 3.0 2nd Edition},
version = {W3C Recommendation 10 April 2014},
year = {2014}
}
% valid fields for mis: author, title, howpublished, month, year, note, key

