
% https://en.wikipedia.org/wiki/BibTeX

@manual{1994_Latex,
author = {Leslie Lamport},
edition = {second},
title = {LaTeX: A Document Preparation System},
year={1994}
}

@misc{2015_Python,
url = {http://www.python.org},
publisher = {Python Software Foundation},
title = {Python Language Reference, version 2.7},
year={2015}
}

@misc{2015_Graphviz,
url = {http://www.graphviz.org/Documentation.php},
title = {Graphviz},
year={2015}
}

@misc{2008_XML,
url = {http://www.w3.org/TR/REC-xml/},
title = {Extensible Markup Language (XML) 1.0 (Fifth Edition)},
version = {W3C Recommendation 26 November 2008},
year={2008}
}

@manual{2014_mathematica,
title = {Mathematica},
author = {Wolfram Research, Inc.},
edition = {Version 10.0},
publisher = {Wolfram Research, Inc.},
address = {Champaign, Illinois},
year = {2014},
url = {http://support.wolfram.com/kb/472}
}
% valid fields for manual: author, organization, address, edition, month, year, note, key

@manual{2014_SymPy,
title = {SymPy: Python library for symbolic mathematics},
author = {SymPy Development Team},
year = {2014},
url = {http://www.sympy.org}
}

@misc{1968_ASCII,
title = {American Standard Code for Information Interchange},
url={http://www.itl.nist.gov/History%20Documents/FIPS%201.pdf},
year = {1968}
}
% should probably actually cite ANSI X3.4-1986

@misc{1999_HTML,
title = {HTML 4.01 Specification},
url = {http://www.w3.org/TR/html4/},
version = {W3C Recommendation 24 December 1999},
year={1999}
}

@misc{2014_MathML,
url = {http://www.w3.org/TR/MathML/},
title = {Mathematical Markup Language (MathML) Version 3.0 2nd Edition},
version = {W3C Recommendation 10 April 2014},
year = {2014}
}
% valid fields for mis: author, title, howpublished, month, year, note, key


@misc{2015_Hyperphysics,
url={http://hyperphysics.phy-astr.gsu.edu/hbase/hframe.html},
title={HyperPhysics},
year={2015},
author={C.~R.~Nave}
}

@misc{2015_EquationMap,
url = {http://equationmap.com},
title = {EquationMap},
author = {Wojciech Makowiecki},
year = {2015}
}

@misc{2015_FormulaDatabase,
url={http://www.formula-database.com/release/},
title={Formula Database},
author = {Jon Seaton and Andreas Velten and Brandon Walker and Jay Sekhon and Adam Perkins},
year = {2015}
}

@misc{2015_Symbolab,
url={https://www.symbolab.com},
title={Symbolab},
author = {Michal Avny and Adam Arnon and Lev Alyshayev},
year = {2015}
}

@misc{2015_WolframAlpha,
author = {Wolfram\textbar Alpha},
title = {Wolfram\textbar Alpha},
publisher = {Wolfram Alpha LLC},
url = {https://www.wolframalpha.com},
year = {2015}
}

